@article{saripalli2002vision,
  title={Vision-based autonomous landing of an unmanned aerial vehicle},
  author={Saripalli, Srikanth and Montgomery, James F and Sukhatme, Gaurav S},
  booktitle={Robotics and automation, 2002. Proceedings. ICRA'02. IEEE international conference on},
  volume={3},
  pages={2799--2804},
  year={2002},
  organization={IEEE}
};

@article{sharp2001vision,
  title={A vision system for landing an unmanned aerial vehicle},
  author={Sharp, Courtney S and Shakernia, Omid and Sastry, S Shankar},
  booktitle={Robotics and Automation, 2001. Proceedings 2001 ICRA. IEEE International Conference on},
  volume={2},
  pages={1720--1727},
  year={2001},
  organization={IEEE}
};

@article{lange2008autonomous,
  title={Autonomous landing for a multirotor UAV using vision},
  author={Lange, Sven and S{\"u}nderhauf, Niko and Protzel, Peter},
  booktitle={International Conference on Simulation, Modeling, and Programming for Autonomous Robots (SIMPAR 2008)},
  pages={482--491},
  year={2008}
};

@article{wenzel2011automatic,
  title={Automatic take off, tracking and landing of a miniature UAV on a moving carrier vehicle},
  author={Wenzel, Karl Engelbert and Masselli, Andreas and Zell, Andreas},
  journal={Journal of intelligent \& robotic systems},
  volume={61},
  number={1-4},
  pages={221--238},
  year={2011},
  publisher={Springer}
};

@article{tang2011uav,
  title={UAV attitude and position estimation for vision-based landing},
  author={Tang, Daquan and Li, Fei and Shen, Ning and Guo, Shaojun},
  booktitle={Electronic and Mechanical Engineering and Information Technology (EMEIT), 2011 International Conference on},
  volume={9},
  pages={4446--4450},
  year={2011},
  organization={IEEE}
};

@article{herisse2008hovering,
  title={Hovering flight and vertical landing control of a VTOL unmanned aerial vehicle using optical flow},
  author={Herisse, Bruno and Russotto, Francois-Xavier and Hamel, Tarek and Mahony, Robert},
  booktitle={2008 IEEE/RSJ International Conference on Intelligent Robots and Systems},
  pages={801--806},
  year={2008},
  organization={IEEE}
};

@article{jian2012automatic,
  title={Automatic Landing Control of UAV Based on Optical Guidance},
  author={Jian, Zhou and Xin-Min, Wang and Xiao-Yan, Wang},
  booktitle={Industrial Control and Electronics Engineering (ICICEE), 2012 International Conference on},
  pages={152--155},
  year={2012},
  organization={IEEE}
};

@article{lee2012autonomous,
  title={Autonomous landing of a VTOL UAV on a moving platform using image-based visual servoing},
  author={Lee, Daewon and Ryan, Tyler and Kim, H Jin},
  booktitle={Robotics and Automation (ICRA), 2012 IEEE International Conference on},
  pages={971--976},
  year={2012},
  organization={IEEE}
};

@article{Kim2016,
author={Kim, JeongWoon and Jung, YeonDeuk and Lee, DaSol and Shim, David Hyunchul},
title={Landing Control on a Mobile Platform for Multi-copters using an Omnidirectional Image Sensor},
journal={Journal of Intelligent {\&} Robotic Systems},
year={2016},
pages={1--13},
issn={1573-0409},
doi={10.1007/s10846-016-0339-y}
};

@article{mellinger2010control,
  title={Control of quadrotors for robust perching and landing},
  author={Mellinger, Daniel and Shomin, Michael and Kumar, Vijay},
  booktitle={Proceedings of the International Powered Lift Conference},
  pages={205--225},
  year={2010}
};

@article{vlantis2015quadrotor,
  title={Quadrotor landing on an inclined platform of a moving ground vehicle},
  author={Vlantis, Panagiotis and Marantos, Panos and Bechlioulis, Charalampos P and Kyriakopoulos, Kostas J},
  booktitle={2015 IEEE International Conference on Robotics and Automation (ICRA)},
  pages={2202--2207},
  year={2015},
  organization={IEEE}
};

@book{camacho2013model,
  title={Model predictive control},
  author={Camacho, Eduardo F and Alba, Carlos Bordons},
  year={2013},
  publisher={Springer Science \& Business Media}
};

@article{mueller2013model,
  title={A model predictive controller for quadrocopter state interception},
  author={Mueller, Mark W and Dâ€™Andrea, Raffaello},
  booktitle={European Control Conference},
  pages={1383--1389},
  year={2013}
};

@article{mueller2015computationally,
  title={A computationally efficient motion primitive for quadrocopter trajectory generation},
  author={Mueller, Mark W and Hehn, Markus and D'Andrea, Raffaello},
  journal={IEEE Transactions on Robotics},
  volume={31},
  number={6},
  pages={1294--1310},
  year={2015},
  publisher={IEEE}
};




@article{Daly2011, 
author={J. M. Daly and Y. Ma and S. L. Waslander}, 
booktitle={2011 IEEE/RSJ International Conference on Intelligent Robots and Systems}, 
title={Coordinated landing of a quadrotor on a skid-steered ground vehicle in the presence of time delays}, 
year={2011}, 
pages={4961-4966}, 
doi={10.1109/IROS.2011.6094488}, 
ISSN={2153-0858}, 
month={Sept}
};

@article{belongie1999rodrigues,
  title={Rodrigues rotation formula},
  author={Belongie, Serge},
  journal={MathWorld A Wolfram Web Resource},
  year={1999}
};

@article{opencv_library,
    title={OpenCV library},
    author = {Bradski, G.},
    citeulike-article-id = {2236121},
    journal = {Dr. Dobb's Journal of Software Tools},
    keywords = {bibtex-import},
    posted-at = {2008-01-15 19:21:54},
    priority = {4},
    year = {2000}
};

@article{lucas1981iterative,
  title={An iterative image registration technique with an application to stereo vision.},
  author={Lucas, Bruce D and Kanade, Takeo and others},
  booktitle={IJCAI},
  volume={81},
  number={1},
  pages={674--679},
  year={1981}
};

@article{beauchemin1995computation,
  title = {The computation of optical flow},
  author = {Beauchemin, Steven S. and Barron, John L.},
  journal = {ACM computing surveys (CSUR)},
  volume = {27},
  number = {3},
  pages = {433--466},
  year = {1995},
  publisher = {ACM}
};
 
 @article{Aruco2014,
 title = {Automatic generation and detection of highly reliable fiducial markers under occlusion},
 journal = {Pattern Recognition},
 volume = {47},
 number = {6},
 pages = {2280 - 2292},
 year = {2014},
 issn = {0031-3203},
 doi = {\url{http://dx.doi.org/10.1016/j.patcog.2014.01.005}},
 url = {\url{http://www.sciencedirect.com/science/article/pii/S0031320314000235}},
 author = {S. Garrido-Jurado and R. Mu\~noz-Salinas and F.J. Madrid-Cuevas and M.J. Mar\'in-Jim\'enez}
};

@misc{wiki_runge_kutta,
   author = {Wikipedia},
   title = {Runge-Kutta methods},
   year = {2016},
   url = {\url{https://en.wikipedia.org/w/index.php?title=Runge%E2%80%93Kutta_methods&oldid=736063753}}
 };
 
 @misc{challenge_description,
   author = {MBZIRC},
   title = {MBZIRC Challenge Description},
   year = {2016},
   url = {\url{https://www.mbzirc.com}}
 };
 
 
@misc{arsys,
   author = {Hamdi Sahloul, Rafael Munoz, Salinas Bence Magyar},
   title = {AR-Sys ROS package},
   year = {2014},
   url = {\url{http://wiki.ros.org/ar_sys}}
 };
 
 @misc{artrackalvar,
   author = {Scott Niekum},
   title = {AR-Track-Alvar ROS package},
   year = {2012},
   url = {\url{http://wiki.ros.org/ar_track_alvar}}
 };
 
 @misc{rpgapriltags,
   author = {RPG},
   title = {RPG-April-Tags ROS package},
   year = {2014},
   url = {\url{https://github.com/uzh-rpg/rpg_april_tags}}
 };
 
  @misc{apriltagslibrary,
   author = {Edwin Olson, Jeffrey Boyland and David Touretzky, Michael Kaess and Hordur Johannson},
   title = {April-Tags Library},
   year = {2012},
   url = {\url{http://wiki.tekkotsu.org/index.php/AprilTags}}
 };
 
 @article{quan1999linear,
  title={Linear n-point camera pose determination},
  author={Quan, Long and Lan, Zhongdan},
  journal={IEEE Transactions on pattern analysis and machine intelligence},
  volume={21},
  number={8},
  pages={774--780},
  year={1999},
  publisher={IEEE}
};

@article{kalmanfilter,
    author = {Kalman, Rudolph Emil},
    title = {A New Approach to Linear Filtering and Prediction Problems},
    journal = {Transactions of the ASME--Journal of Basic Engineering},
    volume = {82},
    number = {Series D},
    Pages = {35--45},
    year = {1960}
};

@article{weng1992camera,
  title={Camera calibration with distortion models and accuracy evaluation},
  author={Weng, Juyang and Cohen, Paul and Herniou, Marc and others},
  journal={IEEE Transactions on pattern analysis and machine intelligence},
  volume={14},
  number={10},
  pages={965--980},
  year={1992}
};


@article{kato1999marker,
  title={Marker tracking and hmd calibration for a video-based augmented reality conferencing system},
  author={Kato, Hirokazu and Billinghurst, Mark},
  booktitle={Augmented Reality, 1999.(IWAR'99) Proceedings. 2nd IEEE and ACM International Workshop on},
  pages={85--94},
  year={1999},
  organization={IEEE}
};

@article{fiala2010designing,
  title={Designing highly reliable fiducial markers},
  author={Fiala, Mark},
  journal={IEEE Transactions on Pattern analysis and machine intelligence},
  volume={32},
  number={7},
  pages={1317--1324},
  year={2010},
  publisher={IEEE}
};

@article{KleinMurray2007,
	author = {Klein, Georg and Murray, David},
	journal = {IEEE and ACM International Symposium on Mixed and Augmented Reality},
	month = nov,
	publisher = {IEEE},
	title = {{Parallel Tracking and Mapping for Small AR Workspaces}},
	year = {2007}
};

@article{Strasdat2010WhyFilter,
  author = {Strasdat, Hauke and Montiel, J M M and Davison, Andrew J},
  journal = {Proc. IEEE International Conference on Robotics and Automation (ICRA)},
  pages = {2657 -- 2664},
  title = {{Real-time Monocular SLAM: Why Filter?}},
  year = {2010}
};